<record><leader>00000cas a22000007a 4500</leader><controlfield tag="001">21202038</controlfield><controlfield tag="008">900312d190219uupr ir ne      0    0spa d</controlfield><datafield ind1=" " ind2=" " tag="010"><subfield code="a">sn 90070039 </subfield></datafield><datafield ind1=" " ind2=" " tag="040"><subfield code="a">PNN</subfield><subfield code="b">eng</subfield><subfield code="c">PNN</subfield><subfield code="d">OCLCQ</subfield></datafield><datafield ind1=" " ind2=" " tag="042"><subfield code="a">msc</subfield></datafield><datafield ind1="0" ind2=" " tag="130"><subfield code="a">Opinio&#769;n (Mayagu&#776;ez, P.R. : 1902)</subfield></datafield><datafield ind1="1" ind2="3" tag="245"><subfield code="a">La opinio&#769;n.</subfield></datafield><datafield ind1=" " ind2=" " tag="260"><subfield code="a">Mayagu&#776;ez, P.R. :</subfield><subfield code="b">Imprenta y Encuadernacio&#769;n de Di&#769;az &amp; Rami&#769;rez</subfield></datafield><datafield ind1=" " ind2=" " tag="300"><subfield code="a">v.</subfield></datafield><datafield ind1=" " ind2=" " tag="310"><subfield code="a">Triweekly</subfield></datafield><datafield ind1="1" ind2=" " tag="362"><subfield code="a">Began in 1902?</subfield></datafield><datafield ind1=" " ind2=" " tag="500"><subfield code="a">&quot;Perio&#769;dico independiente de noticias, anuncios e intereses generales.&quot;</subfield></datafield><datafield ind1=" " ind2=" " tag="588"><subfield code="a">Description based on: An&#771;o 2, no. 119 (27 de oct. de 1903).</subfield></datafield><datafield ind1=" " ind2=" " tag="752"><subfield code="a">United States</subfield><subfield code="b">Puerto Rico</subfield><subfield code="d">Mayagu&#769;ez.</subfield></datafield></record>